% Example bibliography entries for PhD thesis template
% Replace these with your actual references

@article{example-reference-1,
  title={Example Article Title: Foundational Work in Research Domain},
  author={Smith, John and Johnson, Mary and Brown, David},
  journal={Journal of Research Domain},
  volume={25},
  number={3},
  pages={123--145},
  year={2020},
  publisher={Academic Press}
}

@inproceedings{example-reference-2,
  title={Example Conference Paper: Novel Approach to Problem Solving},
  author={Wilson, Sarah and Davis, Michael},
  booktitle={Proceedings of the International Conference on Research Domain},
  pages={456--467},
  year={2021},
  organization={IEEE}
}

@article{example-reference-3,
  title={Advanced Techniques in Modern Research Domain},
  author={Anderson, Robert and Taylor, Jennifer and Martinez, Carlos},
  journal={ACM Transactions on Research Domain},
  volume={18},
  number={2},
  pages={1--28},
  year={2022},
  publisher={ACM}
}

@inproceedings{example-reference-4,
  title={Scalable Solutions for Large-Scale Systems},
  author={Thompson, Lisa and Garcia, Antonio},
  booktitle={Proceedings of the 15th Conference on System Design},
  pages={789--801},
  year={2021},
  organization={ACM}
}

@article{example-reference-5,
  title={Optimization Strategies for Resource-Constrained Environments},
  author={Lee, Kevin and Kim, Susan and Patel, Raj},
  journal={IEEE Transactions on Systems},
  volume={45},
  number={7},
  pages={234--248},
  year={2020},
  publisher={IEEE}
}

@inproceedings{example-reference-6,
  title={Machine Learning Approaches to Complex Problem Solving},
  author={Zhang, Wei and Miller, James},
  booktitle={International Conference on Machine Learning},
  pages={1023--1035},
  year={2022},
  organization={ICML}
}

@article{example-reference-7,
  title={Distributed Systems and Scalability Challenges},
  author={Roberts, Emily and Johnson, Mark and Chen, Li},
  journal={Computer Systems Review},
  volume={32},
  number={4},
  pages={567--589},
  year={2021},
  publisher={Elsevier}
}

@inproceedings{example-reference-8,
  title={State-of-the-Art Methods in Research Domain},
  author={Williams, Peter and Jones, Rachel},
  booktitle={Proceedings of the Annual Symposium on Advanced Computing},
  pages={1112--1124},
  year={2022},
  organization={ACM}
}

@article{example-reference-9,
  title={Traditional Approaches Revisited: A Comprehensive Study},
  author={Moore, Christopher and White, Amanda and Black, Thomas},
  journal={Classical Methods in Computer Science},
  volume={12},
  number={1},
  pages={45--67},
  year={2019},
  publisher={Springer}
}

@inproceedings{example-reference-10,
  title={Performance Evaluation of Modern Algorithms},
  author={Hall, Patricia and Green, Richard},
  booktitle={Conference on Performance Evaluation},
  pages={334--346},
  year={2021},
  organization={IEEE}
}

@article{example-reference-11,
  title={Recent Improvements in System Design},
  author={Evans, Michelle and Turner, Daniel},
  journal={Journal of System Architecture},
  volume={78},
  pages={890--905},
  year={2022},
  publisher={Elsevier}
}

@inproceedings{example-reference-12,
  title={Integration Challenges in Complex Systems},
  author={Cooper, Brian and Murphy, Catherine},
  booktitle={International Workshop on System Integration},
  pages={567--578},
  year={2021},
  organization={IEEE}
}

@article{example-reference-13,
  title={Component Integration: Best Practices and Lessons Learned},
  author={Phillips, Steven and Rogers, Nancy},
  journal={Software Engineering Practices},
  volume={29},
  number={8},
  pages={123--139},
  year={2020},
  publisher={IEEE}
}

@inproceedings{example-reference-14,
  title={Real-World Deployment Considerations for Research Systems},
  author={Stewart, Karen and Howard, William},
  booktitle={Conference on Practical System Deployment},
  pages={445--457},
  year={2022},
  organization={ACM}
}

@article{example-reference-15,
  title={Comparative Analysis of Integration Approaches},
  author={Collins, Andrew and Baker, Helen},
  journal={Integration Studies Quarterly},
  volume={15},
  number={3},
  pages={234--251},
  year={2021},
  publisher={Academic Publishers}
}

@inproceedings{example-reference-16,
  title={Benchmarking Integrated Systems Performance},
  author={Parker, Jessica and Lewis, Matthew},
  booktitle={International Conference on Benchmarking},
  pages={678--690},
  year={2022},
  organization={IEEE}
}

@article{example-reference-17,
  title={Advanced Optimization Techniques for Modern Systems},
  author={Richardson, David and Campbell, Sarah},
  journal={Optimization Methods Review},
  volume={41},
  number={5},
  pages={789--812},
  year={2021},
  publisher={Springer}
}

@inproceedings{example-reference-18,
  title={Novel Algorithms for Distributed Computing},
  author={Peterson, Michael and Adams, Jennifer},
  booktitle={International Conference on Distributed Systems},
  pages={234--246},
  year={2022},
  organization={ACM}
}

@article{example-reference-19,
  title={Performance Analysis of Parallel Processing Systems},
  author={Watson, Lisa and Clark, Robert},
  journal={Parallel Computing Journal},
  volume={67},
  pages={145--162},
  year={2021},
  publisher={Elsevier}
}

@inproceedings{example-reference-20,
  title={Hardware Acceleration for Complex Computations},
  author={Martinez, Elena and Thompson, James},
  booktitle={Conference on Hardware Acceleration},
  pages={567--579},
  year={2022},
  organization={IEEE}
}

@article{example-reference-21,
  title={Efficient Resource Management in Distributed Environments},
  author={Garcia, Carlos and Wilson, Patricia},
  journal={Resource Management Quarterly},
  volume={28},
  number={2},
  pages={89--107},
  year={2020},
  publisher={Academic Press}
}

@inproceedings{example-reference-22,
  title={Multi-Core Processing Architectures: A Comprehensive Study},
  author={Lee, Jonathan and Kim, Michelle},
  booktitle={Symposium on Computer Architecture},
  pages={445--458},
  year={2021},
  organization={IEEE}
}

@article{example-reference-23,
  title={Distributed System Design Patterns and Best Practices},
  author={Brown, Christopher and Davis, Amanda},
  journal={Distributed Systems Review},
  volume={19},
  number={4},
  pages={234--256},
  year={2022},
  publisher={ACM}
}

@inproceedings{example-reference-24,
  title={Scalability Solutions for Large-Scale Distributed Applications},
  author={Johnson, Kevin and Miller, Rachel},
  booktitle={International Workshop on Scalable Systems},
  pages={123--135},
  year={2021},
  organization={IEEE}
}

@article{example-reference-25,
  title={Resource-Efficient Computing: Methods and Applications},
  author={Taylor, Steven and Anderson, Helen},
  journal={Efficient Computing Journal},
  volume={33},
  number={6},
  pages={678--695},
  year={2021},
  publisher={Springer}
}

@inproceedings{example-reference-26,
  title={Benchmarking Methodologies for System Performance Evaluation},
  author={White, Daniel and Green, Catherine},
  booktitle={International Conference on Performance Evaluation},
  pages={789--801},
  year={2022},
  organization={ACM}
}

@article{example-reference-27,
  title={Standardized Evaluation Frameworks for Research Systems},
  author={Evans, Paul and Roberts, Linda},
  journal={Evaluation Methods in Computer Science},
  volume={22},
  number={3},
  pages={345--367},
  year={2021},
  publisher={IEEE}
}

@book{example-book-1,
  title={Fundamentals of Research Domain: A Comprehensive Guide},
  author={Edwards, Robert and Foster, Linda},
  year={2020},
  publisher={Academic Press},
  edition={3rd}
}

@book{example-book-2,
  title={Advanced Topics in System Design},
  author={Harrison, Paul and Mitchell, Carol},
  year={2021},
  publisher={MIT Press}
}

@misc{example-web-resource,
  title={Research Domain Best Practices Guide},
  author={{Research Domain Consortium}},
  year={2022},
  url={https://example.org/best-practices},
  note={Accessed: 2022-12-01}
}

@techreport{example-tech-report,
  title={Technical Report: Performance Analysis of System Architectures},
  author={National Research Institute},
  year={2021},
  institution={National Research Institute},
  number={NRI-TR-2021-05}
} 